<?xml version="1.0" encoding="UTF-8"?>
<collection>
   <record>
      <leader>01666cam a2200409Ia 4500</leader>
      <controlfield tag="001">9915544809407426</controlfield>
      <controlfield tag="005">20221102205102.0</controlfield>
      <controlfield tag="008">910604s1898    mdu          s000 0 eng d</controlfield>
      <datafield tag="016" ind1="7" ind2=" ">
         <subfield code="a">CAT91254754</subfield>
         <subfield code="2">DNAL</subfield>
      </datafield>
      <datafield tag="035" ind1=" " ind2=" ">
         <subfield code="a">492167</subfield>
      </datafield>
      <datafield tag="035" ind1=" " ind2=" ">
         <subfield code="a">(OCoLC)23127878</subfield>
      </datafield>
      <datafield tag="035" ind1=" " ind2=" ">
         <subfield code="a">(DNAL)492167-naldb-Voyager</subfield>
      </datafield>
      <datafield tag="040" ind1=" " ind2=" ">
         <subfield code="a">RQF</subfield>
         <subfield code="b">eng</subfield>
         <subfield code="c">RQF</subfield>
         <subfield code="d">AGL</subfield>
         <subfield code="d">OCLCQ</subfield>
         <subfield code="d">OCLCF</subfield>
         <subfield code="d">OCLCQ</subfield>
         <subfield code="d">OCLCO</subfield>
         <subfield code="d">OCLCA</subfield>
      </datafield>
      <datafield tag="043" ind1=" " ind2=" ">
         <subfield code="a">n-us-md</subfield>
      </datafield>
      <datafield tag="049" ind1=" " ind2=" ">
         <subfield code="a">AGLY</subfield>
      </datafield>
      <datafield tag="070" ind1="0" ind2=" ">
         <subfield code="a">100</subfield>
         <subfield code="b">M36S no.53</subfield>
      </datafield>
      <datafield tag="072" ind1=" " ind2=" ">
         <subfield code="a">L830</subfield>
      </datafield>
      <datafield tag="100" ind1="1" ind2=" ">
         <subfield code="a">Buckley, S. S.</subfield>
         <subfield code="q">(Samuel Sutherland),</subfield>
         <subfield code="d">1873-</subfield>
         <subfield code="0">http://id.loc.gov/authorities/names/no2008021132</subfield>
      </datafield>
      <datafield tag="245" ind1="1" ind2="0">
         <subfield code="a">Special investigation of the so-called "new" horse disease in Maryland /</subfield>
         <subfield code="c">[by Samuel S. Buckley].</subfield>
      </datafield>
      <datafield tag="260" ind1=" " ind2=" ">
         <subfield code="a">College Park :</subfield>
         <subfield code="b">Maryland Agricultural Experiment Station,</subfield>
         <subfield code="c">1898.</subfield>
      </datafield>
      <datafield tag="300" ind1=" " ind2=" ">
         <subfield code="a">pages [109]-114 ;</subfield>
         <subfield code="c">23 cm.</subfield>
      </datafield>
      <datafield tag="336" ind1=" " ind2=" ">
         <subfield code="a">text</subfield>
         <subfield code="b">txt</subfield>
         <subfield code="2">rdacontent</subfield>
      </datafield>
      <datafield tag="337" ind1=" " ind2=" ">
         <subfield code="a">unmediated</subfield>
         <subfield code="b">n</subfield>
         <subfield code="2">rdamedia</subfield>
      </datafield>
      <datafield tag="338" ind1=" " ind2=" ">
         <subfield code="a">volume</subfield>
         <subfield code="b">nc</subfield>
         <subfield code="2">rdacarrier</subfield>
      </datafield>
      <datafield tag="490" ind1="1" ind2=" ">
         <subfield code="a">Bulletin / Maryland Agricultural Experiment Station ;</subfield>
         <subfield code="v">no. 53</subfield>
      </datafield>
      <datafield tag="591" ind1=" " ind2=" ">
         <subfield code="b">NAL Reclamation</subfield>
      </datafield>
      <datafield tag="650" ind1=" " ind2="0">
         <subfield code="a">Horses</subfield>
         <subfield code="x">Diseases</subfield>
         <subfield code="z">Maryland.</subfield>
      </datafield>
      <datafield tag="651" ind1=" " ind2="7">
         <subfield code="a">Maryland.</subfield>
         <subfield code="2">fast</subfield>
         <subfield code="0">(OCoLC)fst01204739</subfield>
      </datafield>
      <datafield tag="776" ind1="0" ind2="8">
         <subfield code="i">Online version:</subfield>
         <subfield code="a">Buckley, S.S. (Samuel Sutherland), 1873-</subfield>
         <subfield code="t">Special investigation of the so-called "new" horse disease in Maryland.</subfield>
         <subfield code="d">College Park : Maryland Agricultural Experiment Station, 1898</subfield>
         <subfield code="w">(OCoLC)768073884</subfield>
      </datafield>
      <datafield tag="830" ind1=" " ind2="0">
         <subfield code="a">Bulletin (Maryland Agricultural Experiment Station) ;</subfield>
         <subfield code="v">no. 53.</subfield>
      </datafield>
      <datafield tag="841" ind1=" " ind2=" ">
         <subfield code="a">x   </subfield>
         <subfield code="b">9105080u    0   4   uu   1910508</subfield>
         <subfield code="e">z</subfield>
      </datafield>
      <datafield tag="852" ind1=" " ind2=" ">
         <subfield code="a">DNAL</subfield>
         <subfield code="i">100 M36S no.53</subfield>
      </datafield>
      <datafield tag="912" ind1=" " ind2=" ">
         <subfield code="a">nalcatalog</subfield>
      </datafield>
      <datafield tag="930" ind1=" " ind2=" ">
         <subfield code="a">00000000</subfield>
         <subfield code="b">00000000</subfield>
         <subfield code="c">00000000</subfield>
      </datafield>
      <datafield tag="945" ind1=" " ind2=" ">
         <subfield code="a">UIU</subfield>
      </datafield>
      <datafield tag="946" ind1=" " ind2=" ">
         <subfield code="a">State experiment station</subfield>
      </datafield>
      <datafield tag="994" ind1=" " ind2=" ">
         <subfield code="a">92</subfield>
         <subfield code="b">AGL</subfield>
      </datafield>
   </record>
</collection>
